@article{Chandrashekar_2014,
	doi = {10.1016/j.compeleceng.2013.11.024},
	url = {https://doi.org/10.1016%2Fj.compeleceng.2013.11.024},
	year = 2014,
	month = {jan},
	publisher = {Elsevier {BV}},
	volume = {40},
	number = {1},
	pages = {16--28},
	author = {Girish Chandrashekar and Ferat Sahin},
	title = {A survey on feature selection methods},
	journal = {Computers &amp; Electrical Engineering}amp$\mathsemicolon$ Electrical Engineering}
}